|0000|018|0|01022024|29022024|FABIANO ROGERIO DI SILVA|03630111000170||GO|103244212|5208707|||B|1|
|0001|0|
|0005|RENASCER FRIOS|74553380|RUA SENADOR JAIME|147||SETOR CENTRO OESTE|43 99889-9828||teste@teste.com|
|0100|MICHEL BUENO DE MELLO CIA LTDA|11211214121|MG/1972/20077|08543628000145|84200000|RUA PAULO ROGERIO CHAMMA|443||ARY FANCHIN|4335354614|4335354614|marcos_buenomello@hotmail.com|4112009|
|0150|08543628000145|NF-E EMITIDA EM AMBIENTE DE HOMOLOGACAO - SEM VALOR FISCAL|01058|08543628000145||9041143751|4112009||RUA PAULO ROGERIO CHAMMA|443||ARY FANCHIN|
|0150|08543628000145|NF-E EMITIDA EM AMBIENTE DE HOMOLOGACAO - SEM VALOR FISCAL|01058|08543628000145||9041143751|4112009||RUA PAULO ROGERIO CHAMMA|443||ARY FANCHIN|
|0150|07728073000224|NF-E EMITIDA EM AMBIENTE DE HOMOLOGACAO - SEM VALOR FISCAL|01058|07728073000224||103970169|5201108||AV UNIVERSITARIA|3860||JARD. AMERICAS II ET|
|0190|UN|UNIDADE DE MEDIDA UN|
|0190|UN|UNIDADE DE MEDIDA UN|
|0190|UN|UNIDADE DE MEDIDA UN|
|0190|UN|UNIDADE DE MEDIDA UN|
|0200|5120|teste2|SEM GTIN||UN|04|44071100||44||0,00||
|0200|5128|NOTA FISCAL EMITIDA EM AMBIENTE DE HOMOLOGACAO - SEM VALOR FISCAL|SEM GTIN||UN|04|44071100||44||12,00||
|0990|14|
|B001|1|
|B990|2|
|C001|0|
|C100|1|0|08543628000145|55|00|2|5849|41240208543628000145550020000058491000573202|01022024|01022024|27,00|2|0,00|0,00|27,00|3|0,00|0,00|0,00|0,00|0,00|0,00|0,00|0,00|0,00|0,00|0,00|0,00|
|C170|1|5120|TESTE2|3,00000|UN|27,00|0,00|0|000|5101||0,00|0,00|0,00|0,00|0,00|0,00|0|99||0,00|0,00|0,00|49|0,00|0,0000|0,00||0,00|49|0,00|0,0000|0,000||0,00||0,00|
|C190|000|5101|0,00|27,00|0,00|0,00|0,00|0,00|0,00|0,00||
|C100|1|0||65|00|2|3256|52240203630111000170650020000032561868879527|07022024|08022024|14,64|2|0,00|0,00|14,64|3|0,00|0,00|0,00|14,64|1,76||||||||
|C170|1|5128|NOTA FISCAL EMITIDA EM AMBIENTE DE HOMOLOGACAO - SEM VALOR FISCAL|1,00000|UN|14,64|0,00|0|000|5101||14,64|12,00|1,76|0,00|0,00|0,00|0||||||49|0,00|0,0000|0,00||0,00|49|0,00|0,0000|0,000||0,00||0,00|
|C190|000|5101|12,00|14,64|14,64|1,76|0,00|0,00|0,00|0,00||
|C100|0|0|08543628000145|55|00|2|5848|41240208543628000145550020000058481000651397|01022024|01022024|12,00|2|0,00|0,00|12,00|3|0,00|0,00|0,00|12,00|1,44|0,00|0,00|0,00|0,00|0,00|0,00|0,00|
|C100|0|0|07728073000224|55|00|2|5850|41240208543628000145550020000058501000504457|02022024|02022024|12,00|2|0,00|0,00|12,00|3|0,00|0,00|0,00|12,00|1,44|0,00|0,00|0,00|0,00|0,00|0,00|0,00|
|C990|10|
|D001|1|
|D990|2|
|E001|0|
|E100|01022024|29022024|
|E990|3|
|G001|1|
|G990|2|
|H001|1|
|H990|2|
|K001|0|
|K100|01022024|29022024|
|K200|29022024|5128|2,000|0||
|K990|4|
|1001|0|
|1010|N|N|N|N|N|N|N|N|N|N|N|N|N|
|1990|3|
|9001|0|
|9900|0000|1|
|9900|0001|1|
|9900|0005|1|
|9900|0100|1|
|9900|0150|3|
|9900|0190|4|
|9900|0200|2|
|9900|0990|1|
|9900|B001|1|
|9900|B990|1|
|9900|C001|1|
|9900|C100|4|
|9900|C170|2|
|9900|C190|2|
|9900|C990|1|
|9900|D001|1|
|9900|D990|1|
|9900|E001|1|
|9900|E100|1|
|9900|E990|1|
|9900|G001|1|
|9900|G990|1|
|9900|H001|1|
|9900|H990|1|
|9900|K001|1|
|9900|K100|1|
|9900|K200|1|
|9900|K990|1|
|9900|1001|1|
|9900|1010|1|
|9900|1990|1|
|9900|9001|1|
|9900|9900|35|
|9900|9990|1|
|9900|9999|1|
|9990|38|
|9999|80|
