02RETORNO01COBRANÇA       33510000035114010227DATAFORTE SISTEMAS LTDA       756 - BANCOOB S/A 0612230000065                                                                                                                                                                                                                                                                                               000001
1022717440700019133510000010227000000                         00000016597011000000DM 00000000000000000000 01060512237465-11                       101223000000002109010410920120512230000149000000000000000000000000000000000000000000000000000000000000000000000000021090000000000000000000000000000000000000000000000000000010000000000000          1438178500010200000000000000000000000000000000000000000002
1022717440700019133510000010227000000                         00000016861111000000DM 00000000000000000000 01060512238954162-11                    101223000000002429034174170120512230000149000000000000000000000000000000000000000000000000000000000000000000000000024290000000000000000000000000000000000000000000000000000010000000000000          1781098900010000000000000000000000000000000000000000000003
1022717440700019133510000010227000000                         00000017341411000000DM 00000000000000000000 01060512234651623-11                    101223000000001019034143840120512230000149000000000000000000000000000000000000000000000000000000000000000000000000010190000000000000000000000000000000000000000000000000000010000000000000          0210543500012600000000000000000000000000000000000000000004
1022717440700019133510000010227000000                         00000017819011000000DM 00000000000000000000 01060512239654162-11                    101223000000001329008100010120512230000149000000000000000000000000000000000000000000000000000000000000000000000000013290000000000000000000000000000000000000000000000000000010000000000000          0331963800018800000000000000000000000000000000000000000005
1022717440700019133510000010227000000                         00000018347711000000DM 00000000000000000000 0106051223561895-11                     101223000000001559010427120120512230000149000000000000000000000000000000000000000000000000000000000000000000000000015590000000000000000000000000000000000000000000000000000010000000000000          4558442100014500000000000000000000000000000000000000000006
1022717440700019133510000010227000000                         00000019310408000000DM 00000000000000000000 0106051223895416230-08                  101223000000002109010410920120512230000149000000000000000000000000000000000000000000000000000000000000000000000000021090000000000000000000000000000000000000000000000000000010000000000000          5010622600014000000000000000000000000000000000000000000007
9027563351SICOOB CREDIADAG         RUA 1126                                          SETOR MARISTA                 74175130Goiânia                       GO061220230000000600000019714                                                                                                                                                                                                                    000008
