01REMESSA01COBRANCA       00000000000000030209       VALTENCIR DE LIRIO LTDA133CRESOL         030325          0003337                                                                                                                                                                                                                                                                                     000001
1                   00090103100302090                            20000000000000011          2               0101        0503250000000000100        02 030325000000000000000000000000000000000000000000000000000000000000000100010372757995DIEGO LUIZ DOS SANTOS                   AVENIDA EPAMINONDAS FRITZ, 70                       85160000                                                            000002
9                                                                                                                                                                                                                                                                                                                                                                                                         000003
