01REMESSA01COBRANCA       3020959075273000148                               748CRESOL         20250227        0007179                                                                                                                                                                                                                                                                                 2.00000001
1AAA            AAA                            252000016      20250227 N B        00000000000000            011         2802250000000000100         AN270225000000000000000000000000000000000000000000000000000000000000001000010372757995DIEGO LUIZ DOS SANTOS                   AVENIDA EPAMINONDAS FRITZ, 70           00000000000 8516000000000                                                       000002
9174830209                                                                                                                                                                                                                                                                                                                                                                                                000003
