01REMESSA01COBRANCA       6805957728121000171                               748SICREDI        20250107        0001829                                                                                                                                                                                                                                                                                 2.00000001
1AAA            AAA                            252000014      20250107 N B        00000000000000            011         2001250000000000333         AN070125000000000000000000000000000000000000000000000000000000000000001000010372757995DIEGO LUIZ DOS SANTOS                   AVENIDA EPAMINONDAS FRITZ, 70           00000000000 8516000000000                                                       000002
9174868059                                                                                                                                                                                                                                                                                                                                                                                                000003
