01REMESSA01COBRANCA       6805957728121000171                               748SICREDI        20250206        0006140                                                                                                                                                                                                                                                                                 2.00000001
1AAA            AAA                            252000618      20250206 N B        00000000000200            0101        0503250000000034000         AN060225000000000000000000000000000000000000000000000000000000000000002043073100000150M R DE LIMA AGRO MAIS                   RUA MANOEL LOPES DE OLIVEIRA, 2689      00000000000 8514000000000                                                       000002
9174868059                                                                                                                                                                                                                                                                                                                                                                                                000003
