01REMESSA01COBRANCA       6805957728121000171                               748SICREDI        20250131        0004875                                                                                                                                                                                                                                                                                 2.00000001
1AAA            AAA                            252000553      20250131 N B        00000000000200            011         0203250000000028500         AN310125000000000000000000000000000000000000000000000000000000000000002030481314000114FARMER AGRO SOLUCOES AGRICOLAS LTDA     RODOVIA BR 373, KM 402, SN              00000000000 8514000000000                                                       000002
9174868059                                                                                                                                                                                                                                                                                                                                                                                                000003
