01REMESSA01COBRANCA       6805957728121000171                               748SICREDI        20250311        0000066                                                                                                                                                                                                                                                                                 2.00000001
1AAA            AAA                            252000740      20250311 N B        00000000000200            0142        2304250000000560000         AN110325000000000000000070000000000000000000000000000000000000000000002046707958000118AGROPECUARIA LIMA LTDA                  RODOVIA ENG. LUIZ DOUGLAS DE ARAUJO, 18000000000000 8516200000000                                                       000002
9174868059                                                                                                                                                                                                                                                                                                                                                                                                000003
