01REMESSA01COBRANCA       6805957728121000171                               748SICREDI        20250325        0000076                                                                                                                                                                                                                                                                                 2.00000001
1AAA            AAA                            252000847      20250325 N B        00000000000200            0145        2405250000000129480         AN250325000000000000000020000000000000000000000000000000000000000000002013122624000123AGROPECUARIA AGROBOI LTDA               RUA RAIMUNDO MIORANZA, 1665             00000000000 8535000000000                                                       000002
9174868059                                                                                                                                                                                                                                                                                                                                                                                                000003
