01REMESSA01COBRANCA       6805957728121000171                               748SICREDI        20250416        0000102                                                                                                                                                                                                                                                                                 2.00000001
1AAA            AAA                            252001053      20250416 N B        00000000000200            011997      1605250000000052000         AN160425000000000000000010000000000000000000000000000000000000000000002043073100000150M R DE LIMA AGRO MAIS                   RUA MANOEL LOPES DE OLIVEIRA, 2689      00000000000 8514000000000                                                       000002
9174868059                                                                                                                                                                                                                                                                                                                                                                                                000003
