01REMESSA01COBRANCA       6805957728121000171                               748SICREDI        20250120        0009135                                                                                                                                                                                                                                                                                 2.00000001
1AAA            AAA                            252000456      20250120 N B        00000000000200            011         1703250000000073000         AN200125000000000000000010000000000000000000000000000000000000000000001000010961838973ADALTON FELIPE                          CAMPO ALTO, SN                          00000000000 8516000000000                                                       000002
9174868059                                                                                                                                                                                                                                                                                                                                                                                                000003
