01REMESSA01COBRANCA       6805957728121000171                               748SICREDI        20250228        0000867                                                                                                                                                                                                                                                                                 2.00000001
1AAA            AAA                            252000111      20250228 N B        00000000000200            0110        2402250000000000100         AN280225000000000000000000000000000000000000000000000000000000000000001000010372757995DIEGO LUIZ DOS SANTOS                   AVENIDA EPAMINONDAS FRITZ, 70           00000000000 8516000000000                                                       000002
9174868059                                                                                                                                                                                                                                                                                                                                                                                                000003
