01REMESSA01COBRANCA       6805957728121000171                               748SICREDI        20250327        0000084                                                                                                                                                                                                                                                                                 2.00000001
1AAA            AAA                            252000901      20250327 N B        00000000000200            013         1606250000000090400         AN270325000000000000000010000000000000000000000000000000000000000000001000087378124915LAERCIO MARCOS KLOCZKO                  LINHA JARAU, SN                         00000000000 8516200000000                                                       000002
9174868059                                                                                                                                                                                                                                                                                                                                                                                                000003
