01REMESSA01COBRANCA       6805957728121000171                               748SICREDI        20250414        0000101                                                                                                                                                                                                                                                                                 2.00000001
1AAA            AAA                            252001045      20250414 N B        00000000000200            0151        1405250000000208000         AN140425000000000000000030000000000000000000000000000000000000000000002019495736000106CB AGRO INSUMOS AGRICOLAS LTDA          AVENIDA PREFEITO MOACIR JULIO SILVESTRI,00000000000 8503000000000                                                       000002
9174868059                                                                                                                                                                                                                                                                                                                                                                                                000003
