01REMESSA01COBRANCA       6805957728121000171                               748SICREDI        20250310        0000064                                                                                                                                                                                                                                                                                 2.00000001
1AAA            AAA                            252000723      20250310 N B        00000000000200            0140        0806250000000075666         AN100325000000000000000010000000000000000000000000000000000000000000002003346233000139AGRICOLA COLFERAI LTDA                  RUA XV DE NOVEMBRO, 2305                00000000000 8514000000000                                                       000002
9174868059                                                                                                                                                                                                                                                                                                                                                                                                000003
