01REMESSA01COBRANCA       6805957728121000171                               748SICREDI        20250404        0000094                                                                                                                                                                                                                                                                                 2.00000001
1AAA            AAA                            252000979      20250404 N B        00000000000200            014         2007250000000147200         AN040425000000000000000020000000000000000000000000000000000000000000001000008905880908BRUNO JOAO ANDRIOLA                     SITIO PAIQUERE, SN                      00000000000 8535000000000                                                       000002
9174868059                                                                                                                                                                                                                                                                                                                                                                                                000003
