01REMESSA01COBRANCA       6805957728121000171                               748SICREDI        20250313        0000067                                                                                                                                                                                                                                                                                 2.00000001
1AAA            AAA                            252000758      20250313 N B        00000000000200            0143        1106250000000150000         AN130325000000000000000020000000000000000000000000000000000000000000002046707958000118AGROPECUARIA LIMA LTDA                  RODOVIA ENG. LUIZ DOUGLAS DE ARAUJO, 18000000000000 8516200000000                                                       000002
9174868059                                                                                                                                                                                                                                                                                                                                                                                                000003
