01REMESSA01COBRANCA       6805957728121000171                               748SICREDI        20250116        0005573                                                                                                                                                                                                                                                                                 2.00000001
1AAA            AAA                            252111618      20250116 N B        00000000000200            011161      1703250000000028500         AN160125000000000000000000000000000000000000000000000000000000000000002046707958000118AGROPECUARIA LIMA LTDA                  RODOVIA ENG. LUIZ DOUGLAS DE ARAUJO, 18000000000000 8516200000000                                                       000002
9174868059                                                                                                                                                                                                                                                                                                                                                                                                000003
