01REMESSA01COBRANCA       6805957728121000171                               748SICREDI        20250124        0001788                                                                                                                                                                                                                                                                                 2.00000001
1AAA            AAA                            252000502      20250124 N B        00000000000200            0101        1103250000000075000         AN240125000000000000000010000000000000000000000000000000000000000000001000006138471997ALCIONE COLASSO DOS SANTOS              PA 25 DE AGOSTO LOTE 044, SN            00000000000 8516200000000                                                       000002
9174868059                                                                                                                                                                                                                                                                                                                                                                                                000003
