01REMESSA01COBRANCA       6805957728121000171                               748SICREDI        20241219        0001123                                                                                                                                                                                                                                                                                 2.00000001
1AAA            AAA                            242000118      20241219 N B        00000000000000            011         2612240000000000105         AN191224000000000000000000000000000000000000000000000000000000000000001000008326199907ANTONIO DIOMAR TABILLE                  RUA DOZE DE MAIO, 673                   00000000000 8516000000000                                                       000002
9174868059                                                                                                                                                                                                                                                                                                                                                                                                000003
