01REMESSA01COBRANCA       6805957728121000171                               748SICREDI        20250217        0007986                                                                                                                                                                                                                                                                                 2.00000001
1AAA            AAA                            252000685      20250217 N B        00000000000200            013         2004250000000035834         AN170225000000000000000000000000000000000000000000000000000000000000001000004792621950ODAIR JOSE FERREIRA DE OLIVEIRA         SITIO SAO JORGE, SN                     00000000000 8535000000000                                                       000002
9174868059                                                                                                                                                                                                                                                                                                                                                                                                000003
