01REMESSA01COBRANCA       6805957728121000171                               748SICREDI        20250218        0007762                                                                                                                                                                                                                                                                                 2.00000001
1AAA            AAA                            252000693      20250218 N B        00000000000200            0101        2002250000000000100         AN180225000000000000000000000000000000000000000000000000000000000000001000010372757995DIEGO LUIZ DOS SANTOS                   AVENIDA EPAMINONDAS FRITZ, 70           00000000000 8516000000000                                                       000002
9174868059                                                                                                                                                                                                                                                                                                                                                                                                000003
