01REMESSA01COBRANCA       6805957728121000171                               748SICREDI        20250114        0003769                                                                                                                                                                                                                                                                                 2.00000001
1AAA            AAA                            252000308      20250114 N B        00000000000200            0101        1405250000000059436         AN140125000000000000000010000000000000000000000000000000000000000000002043073100000150M R DE LIMA AGRO MAIS                   RUA MANOEL LOPES DE OLIVEIRA, 2689      00000000000 8514000000000                                                       000002
9174868059                                                                                                                                                                                                                                                                                                                                                                                                000003
