01REMESSA01COBRANCA       6805957728121000171                               748SICREDI        20250303        0006237                                                                                                                                                                                                                                                                                 2.00000001
1AAA            AAA                            252000472      20250303 N B        00000000000200            0101        2003250000000388833         AN030325000000000000000050000000000000000000000000000000000000000000002027590851000198AGRICOLA ARAUCARIA LTDA                 AVENIDA AVENIDA JOSE ANTUNES FABRICIO, 200000000000 8514000000000                                                       000002
9174868059                                                                                                                                                                                                                                                                                                                                                                                                000003
