01REMESSA01COBRANCA       6805957728121000171                               748SICREDI        20250411        0000100                                                                                                                                                                                                                                                                                 2.00000001
1AAA            AAA                            252001037      20250411 N B        00000000000200            012         1806250000000802000         AN110425000000000000000110000000000000000000000000000000000000000000001000007364799966RODRIGO GRANOSKI                        LAGOA BONITA, SN                        00000000000 8539000000000                                                       000002
9174868059                                                                                                                                                                                                                                                                                                                                                                                                000003
