01REMESSA01COBRANCA       6805957728121000171                               748SICREDI        20250113        0006931                                                                                                                                                                                                                                                                                 2.00000001
1AAA            AAA                            252000278      20250113 N B        00000000000200            0101        1202250000000024650         AN130125000000000000000000000000000000000000000000000000000000000000002033735932000131ISRAEL SCHIO GURTAT                     AVENIDA JOAO FERREIRA NEVES, 3204       00000000000 8514800000000                                                       000002
9174868059                                                                                                                                                                                                                                                                                                                                                                                                000003
