01REMESSA01COBRANCA       6805957728121000171                               748SICREDI        20250115        0009460                                                                                                                                                                                                                                                                                 2.00000001
1AAA            AAA                            252000359      20250115 N B        00000000000200            0101        1003250000000028200         AN150125000000000000000000000000000000000000000000000000000000000000001000008170594901FRANCISCO CARLOS SCHADECK               ASS NOSSA SRA DAS VITORIAS, SN          00000000000 8516200000000                                                       000002
9174868059                                                                                                                                                                                                                                                                                                                                                                                                000003
