01REMESSA01COBRANCA       6805957728121000171                               748SICREDI        20250203        0008848                                                                                                                                                                                                                                                                                 2.00000001
1AAA            AAA                            252000588      20250203 N B        00000000000200            011         2804250000000156000         AN030225000000000000000020000000000000000000000000000000000000000000001000040897010906RENATA CELINA CHIARINI DALLAGNOL        LINHA RAIMUNDO BAIA  RURAL DE BOA VISTA,00000000000 8578000000000                                                       000002
9174868059                                                                                                                                                                                                                                                                                                                                                                                                000003
