01REMESSA01COBRANCA       6805957728121000171                               748SICREDI        20250314        0000069                                                                                                                                                                                                                                                                                 2.00000001
1AAA            AAA                            252000774      20250314 N B        00000000000200            0144        1804250000000680000         AN140325000000000000000090000000000000000000000000000000000000000000001000063740508949NILSON GRANOSKI                         LAGOA BONITA  SANTO ANTONIO, SN         00000000000 8539000000000                                                       000002
9174868059                                                                                                                                                                                                                                                                                                                                                                                                000003
