01REMESSA01COBRANCA       6805957728121000171                               748SICREDI        20250117        0007257                                                                                                                                                                                                                                                                                 2.00000001
1AAA            AAA                            252000448      20250117 N B        00000000000200            011         1704250000000016266         AN170125000000000000000000000000000000000000000000000000000000000000002033735932000131ISRAEL SCHIO GURTAT                     AVENIDA JOAO FERREIRA NEVES, 3204       00000000000 8514800000000                                                       000002
9174868059                                                                                                                                                                                                                                                                                                                                                                                                000003
