01REMESSA01COBRANCA       6805957728121000171                               748SICREDI        20250423        0000103                                                                                                                                                                                                                                                                                 2.00000001
1AAA            AAA                            252001061      20250423 N B        00000000000200            011         2304250000000388834         AN230425000000000000000050000000000000000000000000000000000000000000002027590851000198AGRICOLA ARAUCARIA LTDA                 AVENIDA AVENIDA JOSE ANTUNES FABRICIO, 200000000000 8514000000000                                                       000002
9174868059                                                                                                                                                                                                                                                                                                                                                                                                000003
