01REMESSA01COBRANCA       6805957728121000171                               748SICREDI        20241223        0008231                                                                                                                                                                                                                                                                                 2.00000001
1AAA            AAA                            242000119      20241223 N B        00000000000000            0110        2312240000000000300         AN231224000000000000000000000000000000000000000000000000000000000000001000010372757995DIEGO LUIZ DOS SANTOS                   AVENIDA EPAMINONDAS FRITZ, 70           00000000000 8516000000000                                                       000002
9174868059                                                                                                                                                                                                                                                                                                                                                                                                000003
