01REMESSA01COBRANCA       6805957728121000171                               748SICREDI        20250129        0001373                                                                                                                                                                                                                                                                                 2.00000001
1AAA            AAA                            252000537      20250129 N B        00000000000200            0101        3003250000000042750         AN290125000000000000000010000000000000000000000000000000000000000000002030481314000114FARMER AGRO SOLUCOES AGRICOLAS LTDA     RODOVIA BR 373, KM 402, SN              00000000000 8514000000000                                                       000002
9174868059                                                                                                                                                                                                                                                                                                                                                                                                000003
