01REMESSA01COBRANCA       7180132170309000116                               748SICREDI        20250222        0003333                                                                                                                                                                                                                                                                                 2.00000001
1AAA            AAA                            252072290      20250222 N B        00000000000200            0110        2502250000000000100         AN220225000000000000000000000000000000000000000000000000000000000000001000009886688904JOSE MARCELO DA SILVA                   AV EPAMINONDAS FRITZ, 70                00000000000 8516000000000                                                       000002
9174871801                                                                                                                                                                                                                                                                                                                                                                                                000003
