01REMESSA01COBRANCA       7559759183972000101                               748SICREDI        20250411        0000032                                                                                                                                                                                                                                                                                 2.00000001
1AAA            AAA                            252000316      20250411 N B        00000000000000            0138        2605250000000143024         AN110425000000000000000950000000000000000000000000000000000000000000001000004270624973JOEL NOWACZIK                           LINHA CORONEL QUEIROS, SN               00000000000 8539000000000                                                       000002
9174875597                                                                                                                                                                                                                                                                                                                                                                                                000003
