01REMESSA01COBRANCA       7559759183972000101                               748SICREDI        20250306        0000004                                                                                                                                                                                                                                                                                 2.00000001
1AAA            AAA                            252000030      20250306 N B        00000000000000            0103        0504250000000217240         AN060325000000000000001450000000000000000000000000000000000000000000001000003733648900AMAURI VIERO                            LINHA PINHALZINHO, SN                   00000000000 8534000000000                                                       000002
9174875597                                                                                                                                                                                                                                                                                                                                                                                                000003
