01REMESSA01COBRANCA       7559759183972000101                               748SICREDI        20250325        0000023                                                                                                                                                                                                                                                                                 2.00000001
1AAA            AAA                            252000235      20250325 N B        00000000000000            0127        2404250000000081480         AN250325000000000000000540000000000000000000000000000000000000000000001000003733648900AMAURI VIERO                            LINHA PINHALZINHO, SN                   00000000000 8534000000000                                                       000002
9174875597                                                                                                                                                                                                                                                                                                                                                                                                000003
