01REMESSA01COBRANCA       7559759183972000101                               748SICREDI        20250407        0000027                                                                                                                                                                                                                                                                                 2.00000001
1AAA            AAA                            252000260      20250407 N B        00000000000000            0133        1905250000000165060         AN070425000000000000001100000000000000000000000000000000000000000000001000009350875918TIAGO MORAES DE OLIVEIRA                LINHA ROSA, SN                          00000000000 8534000000000                                                       000002
9174875597                                                                                                                                                                                                                                                                                                                                                                                                000003
