01REMESSA01COBRANCA       7559759183972000101                               748SICREDI        20250320        0000022                                                                                                                                                                                                                                                                                 2.00000001
1AAA            AAA                            252000227      20250320 N B        00000000000000            0125        1905250000000055270         AN200325000000000000000370000000000000000000000000000000000000000000001000005405015903EVERTON JOSE MORIN                      ASSENTAMENTO 8 DE JUNHO, SN             00000000000 8530100000000                                                       000002
9174875597                                                                                                                                                                                                                                                                                                                                                                                                000003
