01REMESSA01COBRANCA       7559759183972000101                               748SICREDI        20250425        0000047                                                                                                                                                                                                                                                                                 2.00000001
1AAA            AAA                            252000456      20250425 N B        00000000000000            0156        2605250000000195671         AN250425000000000000001300000000000000000000000000000000000000000000001000091338670972MARIA SALETE CASAMALI                   LINHA RIO LEAO, SN                      00000000000 8530100000000                                                       000002
9174875597                                                                                                                                                                                                                                                                                                                                                                                                000003
