01REMESSA01COBRANCA       7559759183972000101                               748SICREDI        20250422        0000044                                                                                                                                                                                                                                                                                 2.00000001
1AAA            AAA                            252000421      20250422 N B        00000000000000            0150        1505250000000230580         AN220425000000000000001540000000000000000000000000000000000000000000001000005658561973WAGNER FAVARETTO                        COLONIA SANTO ANTONIO, SN               00000000000 8530197000000                                                       000002
9174875597                                                                                                                                                                                                                                                                                                                                                                                                000003
