01REMESSA01COBRANCA       7559759183972000101                               748SICREDI        20250417        0000036                                                                                                                                                                                                                                                                                 2.00000001
1AAA            AAA                            252000359      20250417 N B        00000000000000            0143        1905250000000564000         AN170425000000000000003760000000000000000000000000000000000000000000001000003733648900AMAURI VIERO                            LINHA PINHALZINHO, SN                   00000000000 8534000000000                                                       000002
9174875597                                                                                                                                                                                                                                                                                                                                                                                                000003
