01REMESSA01COBRANCA       7559759183972000101                               748SICREDI        20250419        0000038                                                                                                                                                                                                                                                                                 2.00000001
1AAA            AAA                            252000375      20250419 N B        00000000000000            0146        2406250000000048798         AN190425000000000000000330000000000000000000000000000000000000000000001000006293388925CARMEM DOS SANTOS CARLOTTO              LINHA RICAO GRANDE, SN                  00000000000 8530100000000                                                       000002
9174875597                                                                                                                                                                                                                                                                                                                                                                                                000003
