01REMESSA01COBRANCA       7559759183972000101                               748SICREDI        20250402        0000026                                                                                                                                                                                                                                                                                 2.00000001
1AAA            AAA                            252000251      20250402 N B        00000000000000            0131        2104250000000163455         AN020425000000000000001090000000000000000000000000000000000000000000001000060323809987ALEIXO ROZETISKI                        LINHA RESTINGA, SN                      00000000000 8539000000000                                                       000002
9174875597                                                                                                                                                                                                                                                                                                                                                                                                000003
