01REMESSA01COBRANCA       7559759183972000101                               748SICREDI        20250224        0009262                                                                                                                                                                                                                                                                                 2.00000001
1AAA            AAA                            252000017      20250224 N B        00000000002000            0101        2502250000000000100         AN240225000000000000000000000000000000000000000000000000000000000000001000010372757995DIEGO LUIZ                              CENTRO, SN                              00000000000 8516000000000                                                       000002
9174875597                                                                                                                                                                                                                                                                                                                                                                                                000003
