01REMESSA01COBRANCA       7559759183972000101                               748SICREDI        20250428        0000050                                                                                                                                                                                                                                                                                 2.00000001
1AAA            AAA                            252000480      20250428 N B        00000000000000            0158        1905250000000173486         AN280425000000000000001160000000000000000000000000000000000000000000001000010561012962DIEGO JOSE LONGONI                      KM 130, SN                              00000000000 8534000000000                                                       000002
9174875597                                                                                                                                                                                                                                                                                                                                                                                                000003
