01REMESSA01COBRANCA       7559759183972000101                               748SICREDI        20250429        0000051                                                                                                                                                                                                                                                                                 2.00000001
1AAA            AAA                            252000499      20250429 N B        00000000000000            0159        2905250000000108000         AN290425000000000000000720000000000000000000000000000000000000000000002081171225000293COMERCIAL AGROVETERINARIA MALYS LTDA    AV. IGUACU, 845                         00000000000 8563500000000                                                       000002
9174875597                                                                                                                                                                                                                                                                                                                                                                                                000003
