01REMESSA01COBRANCA       7559759183972000101                               748SICREDI        20250318        0000019                                                                                                                                                                                                                                                                                 2.00000001
1AAA            AAA                            252000197      20250318 N B        00000000000000            0121        1804250000000043696         AN180325000000000000000290000000000000000000000000000000000000000000001000006080718979JONH FRANCISCO DE ABREU                 LINHA JANJAO, SN                        00000000000 8516000000000                                                       000002
9174875597                                                                                                                                                                                                                                                                                                                                                                                                000003
