01REMESSA01COBRANCA       7559759183972000101                               748SICREDI        20250423        0000045                                                                                                                                                                                                                                                                                 2.00000001
1AAA            AAA                            252000430      20250423 N B        00000000000000            0153        2506250000000081930         AN230425000000000000000550000000000000000000000000000000000000000000001000004270624973JOEL NOWACZIK                           LINHA CORONEL QUEIROS, SN               00000000000 8539000000000                                                       000002
9174875597                                                                                                                                                                                                                                                                                                                                                                                                000003
