01REMESSA01COBRANCA       7559759183972000101                               748SICREDI        20250303        0006136                                                                                                                                                                                                                                                                                 2.00000001
1AAA            AAA                            252000022      20250303 N B        00000000000000            0102        1803250000000097605         AN030325000000000000000650000000000000000000000000000000000000000000001000003783440998ALFREDO ROZETISKI                       LINHA RESTINGA, SN                      00000000000 8539000000000                                                       000002
9174875597                                                                                                                                                                                                                                                                                                                                                                                                000003
