01REMESSA01COBRANCA       7559759183972000101                               748SICREDI        20250319        0000021                                                                                                                                                                                                                                                                                 2.00000001
1AAA            AAA                            252000219      20250319 N B        00000000000000            0124        1905250000000191725         AN190325000000000000001280000000000000000000000000000000000000000000001000006078882961VALDENIR DE JESUS OLIVEIRA              LINHA AGUA QUENTE, SN                   00000000000 8527000000000                                                       000002
9174875597                                                                                                                                                                                                                                                                                                                                                                                                000003
