01REMESSA01COBRANCA       7559759183972000101                               748SICREDI        20250414        0000035                                                                                                                                                                                                                                                                                 2.00000001
1AAA            AAA                            252000340      20250414 N B        00000000000000            0141        1806250000000073625         AN140425000000000000000490000000000000000000000000000000000000000000001000006080718979JONH FRANCISCO DE ABREU                 LINHA JANJAO, SN                        00000000000 8516000000000                                                       000002
9174875597                                                                                                                                                                                                                                                                                                                                                                                                000003
