01REMESSA01COBRANCA       7559759183972000101                               748SICREDI        20250310        0000013                                                                                                                                                                                                                                                                                 2.00000001
1AAA            AAA                            252000138      20250310 N B        00000000000000            0114        1804250000000038514         AN100325000000000000000260000000000000000000000000000000000000000000001000003760013996ELADIO ALOISIO BIALAS                   LINHA CAMPO SALES, SN                   00000000000 8530100000000                                                       000002
9174875597                                                                                                                                                                                                                                                                                                                                                                                                000003
