01REMESSA01COBRANCA       7559759183972000101                               748SICREDI        20250307        0000011                                                                                                                                                                                                                                                                                 2.00000001
1AAA            AAA                            252000111      20250307 N B        00000000000000            0113        2403250000000116816         AN070325000000000000000780000000000000000000000000000000000000000000001000091338670972MARIA SALETE CASAMALI                   LINHA RIO LEAO, SN                      00000000000 8530100000000                                                       000002
9174875597                                                                                                                                                                                                                                                                                                                                                                                                000003
