01REMESSA01COBRANCA       7559759183972000101                               748SICREDI        20250312        0000017                                                                                                                                                                                                                                                                                 2.00000001
1AAA            AAA                            252000170      20250312 N B        00000000000000            0117        1905250000000451076         AN120325000000000000003010000000000000000000000000000000000000000000001000010872613925JOSE CARLOS DA PAIXAO DAMIANI           FAZENDA CAVACO, SN                      00000000000 8516000000000                                                       000002
9174875597                                                                                                                                                                                                                                                                                                                                                                                                000003
