01REMESSA01COBRANCA       0000030029229000110                               748SICREDI        20241205        0006714                                                                                                                                                                                                                                                                                 2.00000001
1AAA            AAA                            242000703      20241205 N B        00000000000200            0101        2812240000000003000         AN051224000000000000000000000000000000000000000000000000000000000000001000006924397905ANDERSON AGENOR SANCHES BARBOSA         RUA IRINEZI, 119                        00000000000 8516000000000                                                       000002
91748                                                                                                                                                                                                                                                                                                                                                                                                     000003
