01REMESSA01COBRANCA       0000057728121000171                               748SICREDI        20241213        0003705                                                                                                                                                                                                                                                                                 2.00000001
1AAA            AAA                            242000010      20241213 N B        00000000000000            011         2112240000000000333         AN131224000000000000000000000000000000000000000000000000000000000000001000010372757995DIEGO LUIZ DOS SANTOS                   AVENIDA EPAMINONDAS FRITZ, 70           00000000000 8516000000000                                                       000002
91748                                                                                                                                                                                                                                                                                                                                                                                                     000003
