01REMESSA01COBRANCA       0000057728121000171                               748SICREDI        20241217        0009853                                                                                                                                                                                                                                                                                 2.00000001
1AAA            AAA                            242000010      20241217 N B        00000000000000            011         2012240000000000200         AN171224000000000000000000000000000000000000000000000000000000000000001000008326199907ANTONIO DIOMAR TABILLE                  RUA DOZE DE MAIO, 673                   00000000000 8516000000000                                                       000002
91748                                                                                                                                                                                                                                                                                                                                                                                                     000003
