01REMESSA01COBRANCA       21090008326101300101TABILLE LTDA                  033SANTANDER      1712240000000000000000                                                                                                                                                                                                                                                                                   000000001
1025772812100017121090008326101300101                         00000019000000 00000000000000000000    0000005011         20122400000000001800330000001N171224000000000000000000000000000000000000000000000000000000000000000100008326199907ANTONIO DIOMAR TABILLE                  RUA DOZE DE MAIO, 673                   CENTRO      85160000CANTAGALO      PR                               I22      00 000002
9000003000000000018000000000000000000000000000000000000000000000000000000000000000000000000000000000000000000000000000000000000000000000000000000000000000000000000000000000000000000000000000000000000000000000000000000000000000000000000000000000000000000000000000000000000000000000000000000000000000000000000000000000000000000000000000000000000000000000000000000000000000000000000000000000000000000003
