01REMESSA01COBRANCA       0000057728121000171                               748SICREDI        20241218        0002837                                                                                                                                                                                                                                                                                 2.00000001
1AAA            AAA                            242000010      20241218 N B        00000000000000            011         2112240000000000100         AN181224000000000000000000000000000000000000000000000000000000000000001000008326199907ANTONIO DIOMAR TABILLE                  RUA DOZE DE MAIO, 673                   00000000000 8516000000000                                                       000002
91748                                                                                                                                                                                                                                                                                                                                                                                                     000003
