01REMESSA01COBRANCA       0000057728121000171                               748SICREDI        20250114        0004406                                                                                                                                                                                                                                                                                 2.00000001
1AAA            AAA                            252000111      20250114 N B        00000000000000            0110        2312240000000000200         AN140125000000000000000000000000000000000000000000000000000000000000001000010372757995DIEGO LUIZ DOS SANTOS                   AVENIDA EPAMINONDAS FRITZ, 70           00000000000 8516000000000                                                       000002
1AAA            AAA                            252000700      20250114 N B        00000000000000            0101        0512240000000000200         AN140125000000000000000000000000000000000000000000000000000000000000001000008326199907ANTONIO DIOMAR TABILLE                  RUA DOZE DE MAIO, 673                   00000000000 8516000000000                                                       000003
91748                                                                                                                                                                                                                                                                                                                                                                                                     000004
