01REMESSA01COBRANCA       0000030029229000110                               748SICREDI        20241209        0009971                                                                                                                                                                                                                                                                                 2.00000001
1AAA            AAA                            242000100      20241209 N B        00000000000200            0110        0209240000000019900         AN091224000000000000000020000000000000000000000000000000000000000000002000000000000000ANDERSON AGENOR SANCHES BARBOSA         FAZENDA RINCAO DO LEAO, SN              00000000000 8701041100000                                                       000002
91748                                                                                                                                                                                                                                                                                                                                                                                                     000003
